Ma Bibliographie

@misc{ref1,
	note={Wikip√©dia, http://bit.ly/37sv56y},
	title={Deep learning},
}

@misc{ref2,
	author={Marc Deisenroth},
	year={2017},
	note={http://bit.ly/35kupPo},
	title={Mathematics for Machine Learning},
}

@misc{ref3,
	author={Orhan Gazi},
	year={2018},
	note={http://bit.ly/39CvpBB},
	title={Image Classification in 10 Minutes with MNIST Dataset},
}

@misc{ref4,
	note={http://bit.ly/2FkDtsV, http://bit.ly/2QNgJHa},
	title={Fish Pictures},
}

@misc{ref5,
	author={Joseph Lee},
	year={2019},
	note={http://bit.ly/36p7zr1},
	title={DeepLearning, CNNs for Computer Vision},
}
